<?xml version="1.0" encoding="UTF-8"?><collection xmlns="http://www.loc.gov/MARC21/slim"><record><leader>00507nam--2200181-i-4500</leader><controlfield tag="001">000035038</controlfield><controlfield tag="002">20161230</controlfield><controlfield tag="005">20161230201040</controlfield><controlfield tag="008">060222s1000------------r-----000-0-eng-d</controlfield><datafield ind1=" " ind2=" " tag="040"><subfield code="a">IFIN-HH</subfield></datafield><datafield ind1=" " ind2=" " tag="080"><subfield code="a">539.12.172:539.171</subfield></datafield><datafield ind1="1" ind2=" " tag="100"><subfield code="a">Nikolic, M</subfield></datafield><datafield ind1="1" ind2="0" tag="245"><subfield code="a">Analysis of scattering and decay</subfield><subfield code="c">M. nikolic (ed.)</subfield></datafield><datafield ind1=" " ind2=" " tag="260"><subfield code="a">New York</subfield><subfield code="b">Gordon And Breach Science Publishers</subfield><subfield code="c">1968</subfield></datafield><datafield ind1=" " ind2=" " tag="300"><subfield code="a">XI+331P</subfield></datafield><datafield ind1=" " ind2=" " tag="490"><subfield code="a">Documents On Modern Physics</subfield></datafield><datafield ind1=" " ind2=" " tag="852"><subfield code="a">30533</subfield><subfield code="c">539.12</subfield></datafield><datafield ind1=" " ind2=" " tag="CAT"><subfield code="a">Sys</subfield><subfield code="c">20111117</subfield><subfield code="h">131044</subfield></datafield></record></collection>